@inproceedings{koesnaedi2022implementation,
title={Implementation Drunkard’s Walk Algorithm to
Generate Random Level in Roguelike Games},
author={Koesnaedi, Andy and Istiono, Wirawan},
booktitle={International Journal of Multidisciplinary Research and Publications},
pages={97--103},
year={2022}
}

@inproceedings{minini2020combining,
title={Combining Constructive Procedural Dungeon
Generation Methods with WaveFunctionCollapse in
Top-Down 2D Games},
author={Minini, Pedro and Assuncao, Joaquim},
booktitle={Proceedings of SBGames},
pages={395--398},
year={2020}
}

@inproceedings{plowman2023design,
title={Level Design Fundamentals},
author={Jessica Plowman},
booktitle={Epic Games Developer Community},
pages={1},
year={2023}
}

@inproceedings{graser2013videogame,
title={Videogame Biz: Women Still Very Much in the Minority},
author={Marc Graser},
booktitle={Variety},
pages={1},
year={2013}
}

@inproceedings{weststar2019survey,
title={Developer Satisfaction Survey 2019},
author={Weststar, Johanna and Kwan, Eva and Kumar, Shruti},
booktitle={International Game Developers Association},
pages={13},
year={2019}
}

@inproceedings{ramanan2017issue,
title={The video game industry has a diversity problem – but it can be fixed},
author={Chella Ramanan},
booktitle={The Guardian},
pages={1},
year={2017}
}

@inproceedings{castro2016level,
title={Level Design on Rogue-like Games: An Analysis of Crypt of the
Necrodancer and Shattered Planet},
author={de Castro, Brenner and da Mota, Rosilane and Fantini, Eduardo},
booktitle={Proceedings of SBGames},
pages={766--769},
year={2016}
}

@inproceedings{noor2016constructive,
title={Constructive generation methods for dungeons and levels},
author={Shaker, Noor and Liapis, Antonios and Togelius, Julian and Lopes, Ricardo},
booktitle={Procedural Content Generation in Games},
pages={31--55},
year={2016}
}

@inproceedings{almgren2014astrogue,
title={Astrogue: A Roguelike
Using Procedural Content Generation for Levels and Plots
in a Computer Game},
author={Almgren, Simon and Anttila, Leo and Oskarsson, David and Sorensson Fabian and Tiensuu, Samuel},
booktitle={Bachelor of Science Thesis in Computer Science},
pages={1--60},
year={2014}
}

@inproceedings{valencia2016technologies,
title={Technologies and Innovation},
author={Valencia-Garcia, Rafael and Lagos-Ortiz, Katty and Alcaraz-Marmol, Gema and del Cioppo, Javier and Vera-Lucio, Nestor},
booktitle={Communications in Computer and Information Science},
pages={146},
year={2016}
}

@inproceedings{boller2013learning,
title={Learning Game Design: Game Mechanics},
author={Sharon Boller},
booktitle={Knowledge Guru},
pages={1},
year={2013}
}

@inproceedings{tyler2023what,
title={What are Video Game Mechanics?},
author={Dustin Tyler},
booktitle={Game Designing},
pages={1},
year={2023}
}

@misc{himsl2020binding,
title={Binding of Isaac: Room Generation Explained!},
year={2020},
month={4},
organization={YouTube},
author={Florian Himsl},
url={https://www.youtube.com/watch?v=1-HIA6-LBJc},
}

@misc{majewski2010game,
title={Game Design Reviews},
year={2010},
month={5},
organization={Game Design Reviews/Scrapbook},
author={Kyrstian Majewski},
url={http://gamedesignreviews.com},
}

@misc{sunny2021roomfirst,
title={Room First Generation - P15 - Unity Procedural Generation of a 2D Dungeon},
year={2021},
month={12},
organization={YouTube},
author={Sunny Valley Studio},
url={https://www.youtube.com/watchv=pWZg1oChtnc&list=PLcRSafycjWFenI87z7uZHFv6cUG2Tzu9v&index=16},
}

@inproceedings{wadell2014does,
title={Does it matter with whom you slay? The effects of competition, cooperation and relationship type among video game players},
author={Wadell, Julia and Peng, Wei},
booktitle={Computers in Human Behavior},
pages={332},
year={2014}
}

@inproceedings{ferguson2015depends,
title={Does Movie or Video Game Violence Predict Societal Violence? It Depends on What You Look at and When},
author={Ferguson, Christopher},
booktitle={Journal of Communication},
pages={203},
year={2015}
}

@inproceedings{laczniak2017parental,
title={Parental Restrictive Mediation and Children’s Violent Video Game Play: The Effectiveness of the Entertainment Software Rating Board (ESRB)
Rating System},
author={Laczniak, Russell and Carlson, Les and Walker, Doug and Brocatto, Deanne},
booktitle={Journal of Public Policy and Marketing},
pages={76},
year={2017}
}

@misc{cuphead,
title={Cuphead},
year={2017},
organization={Studio MDHR},
howpublished={Electronic/Digital},
}

@misc{procgenarcana,
title={Procgen Arcana},
year={2022},
author={Watabou},
howpublished={Electronic},
}

@misc{enterthegungeon,
title={Enter the Gungeon},
year={2016},
organization={Dodge Roll, Mythic Entertainment, 22nd Century Toys LLC},
howpublished={Electronic/Digital},
}

@misc{deadcells,
title={Dead Cells},
year={2018},
organization={Motion Twin, Playdigious},
howpublished={Electronic/Digital},
}

@misc{hades,
title={Hades},
year={2020},
organization={Supergiant Games},
howpublished={Electronic/Digital},
}

@misc{diablo,
title={Diablo IV},
year={2023},
organization={Blizzard Entertainment},
howpublished={Electronic/Digital},
}

@misc{thebindingofisaac,
title={The Binding of Isaac},
year={2011},
author={McMillen, Edmund and Himsl, Florian},
howpublished={Electronic/Digital},
}

@misc{spelunky,
title={Spelunky},
year={2008},
organization={Mossmouth, Derek Yu, Blitworks},
howpublished={Electronic/Digital},
}

@misc{lastofus,
title={The Last of Us Part II},
year={2020},
organization={Naughty Dog},
howpublished={Electronic/Digital},
}

@misc{xboxAdaptiveController,
title = {Xbox Adaptive Controller},
howpublished = {\url{https://www.xbox.com/en-US/accessories/controllers/xbox-adaptive-controller}},
note = {Accessed: 2023-12-17}
}

@misc{8BitDo,
title = {8BitDo Lite SE},
howpublished = {\url{https://www.8bitdo.com/lite-se/}},
note = {Accessed: 2023-12-17}
}

@misc{azeron,
title = {Azeron Gaming Keypad},
howpublished = {\url{https://www.azeron.eu/}},
note = {Accessed: 2023-12-17}
}
